<?xml version="1.0" encoding="UTF-8"?><collection xmlns="http://www.loc.gov/MARC21/slim"><record><leader>00403nam--2200169-u-4500</leader><controlfield tag="001">000052163</controlfield><controlfield tag="002">20161230</controlfield><controlfield tag="005">20161230201049</controlfield><controlfield tag="008">091102s1000------------r-----000-0-eng-d</controlfield><datafield ind1=" " ind2=" " tag="040"><subfield code="a">IFIN-HH</subfield></datafield><datafield ind1=" " ind2=" " tag="080"><subfield code="a">541.515</subfield></datafield><datafield ind1="1" ind2=" " tag="100"><subfield code="a">Bass,A. si Broida,G</subfield></datafield><datafield ind1="1" ind2=" " tag="245"><subfield code="a">Obrazovanie i Stabilizatsiya Svobodnykh Radikalov</subfield></datafield><datafield ind1=" " ind2=" " tag="260"><subfield code="a">Moskva</subfield></datafield><datafield ind1=" " ind2=" " tag="300"><subfield code="a">622 p</subfield></datafield><datafield ind1=" " ind2=" " tag="852"><subfield code="a">8662</subfield></datafield><datafield ind1=" " ind2=" " tag="CAT"><subfield code="a">Sys</subfield><subfield code="c">20091102</subfield><subfield code="h">102408</subfield></datafield></record></collection>